@article{Elmoznino2021,
  doi = {10.1167/jov.21.9.2662},
  url = {https://doi.org/10.1167/jov.21.9.2662},
  year = {2021},
  month = sep,
  publisher = {Association for Research in Vision and Ophthalmology ({ARVO})},
  volume = {21},
  number = {9},
  pages = {2662},
  author = {Eric Elmoznino and Michael Bonner},
  title = {High-performing computational models of visual cortex are marked by high intrinsic dimensionality},
  journal = {Journal of Vision}
}

@article{Stringer2019,
  doi = {10.1038/s41586-019-1346-5},
  url = {https://doi.org/10.1038/s41586-019-1346-5},
  year = {2019},
  month = jun,
  publisher = {Springer Science and Business Media {LLC}},
  volume = {571},
  number = {7765},
  pages = {361--365},
  author = {Carsen Stringer and Marius Pachitariu and Nicholas Steinmetz and Matteo Carandini and Kenneth D. Harris},
  title = {High-dimensional geometry of population responses in visual cortex},
  journal = {Nature}
}

@article{Sorscher2021,
  doi = {10.1101/2021.03.21.436284},
  url = {https://doi.org/10.1101/2021.03.21.436284},
  year = {2021},
  month = mar,
  publisher = {Cold Spring Harbor Laboratory},
  author = {Ben Sorscher and Surya Ganguli and Haim Sompolinsky},
  title = {The Geometry of Concept Learning}
}

@article{Allen2021,
  doi = {10.1038/s41593-021-00962-x},
  url = {https://doi.org/10.1038/s41593-021-00962-x},
  year = {2021},
  month = dec,
  publisher = {Springer Science and Business Media {LLC}},
  volume = {25},
  number = {1},
  pages = {116--126},
  author = {Emily J. Allen and Ghislain St-Yves and Yihan Wu and Jesse L. Breedlove and Jacob S. Prince and Logan T. Dowdle and Matthias Nau and Brad Caron and Franco Pestilli and Ian Charest and J. Benjamin Hutchinson and Thomas Naselaris and Kendrick Kay},
  title = {A massive 7T {fMRI} dataset to bridge cognitive neuroscience and artificial intelligence},
  journal = {Nature Neuroscience}
}

@article{Lehky2014,
  doi = {10.1162/neco_a_00648},
  url = {https://doi.org/10.1162/neco_a_00648},
  year = {2014},
  month = oct,
  publisher = {{MIT} Press - Journals},
  volume = {26},
  number = {10},
  pages = {2135--2162},
  author = {Sidney R. Lehky and Roozbeh Kiani and Hossein Esteky and Keiji Tanaka},
  title = {Dimensionality of Object Representations in Monkey Inferotemporal Cortex},
  journal = {Neural Computation}
}

@article{Haxby2011,
  doi = {10.1016/j.neuron.2011.08.026},
  url = {https://doi.org/10.1016/j.neuron.2011.08.026},
  year = {2011},
  month = oct,
  publisher = {Elsevier {BV}},
  volume = {72},
  number = {2},
  pages = {404--416},
  author = {James~V. Haxby and J.~Swaroop Guntupalli and Andrew~C. Connolly and Yaroslav~O. Halchenko and Bryan~R. Conroy and M.~Ida Gobbini and Michael Hanke and Peter~J. Ramadge},
  title = {A Common,  High-Dimensional Model of the Representational Space in Human Ventral Temporal Cortex},
  journal = {Neuron}
}

@inproceedings{Krizhevsky2012,
 author = {Krizhevsky, Alex and Sutskever, Ilya and Hinton, Geoffrey E},
 booktitle = {Advances in Neural Information Processing Systems},
 editor = {F. Pereira and C.J. Burges and L. Bottou and K.Q. Weinberger},
 pages = {},
 publisher = {Curran Associates, Inc.},
 title = {ImageNet Classification with Deep Convolutional Neural Networks},
 volume = {25},
 year = {2012}
}
